<record><leader>00000cas a2200000 i 4500</leader><controlfield tag="001">828110460</controlfield><controlfield tag="006">m     o  d        </controlfield><controlfield tag="007">cr |||||||||||</controlfield><controlfield tag="008">130220d18481861mouwr ne      0   a0eng  </controlfield><datafield ind1=" " ind2=" " tag="010"><subfield code="a">  2013218566</subfield></datafield><datafield ind1=" " ind2=" " tag="040"><subfield code="a">DLC</subfield><subfield code="b">eng</subfield><subfield code="e">rda</subfield><subfield code="c">DLC</subfield><subfield code="d">DLC</subfield><subfield code="d">OCLCQ</subfield><subfield code="d">OCLCF</subfield></datafield><datafield ind1="0" ind2=" " tag="022"><subfield code="a">2326-7968</subfield><subfield code="2">1</subfield></datafield><datafield ind1=" " ind2=" " tag="042"><subfield code="a">pcc</subfield><subfield code="a">nsdp</subfield></datafield><datafield ind1=" " ind2=" " tag="043"><subfield code="a">n-us-mo</subfield></datafield><datafield ind1="1" ind2="0" tag="050"><subfield code="a">ISSN RECORD</subfield></datafield><datafield ind1="0" ind2="0" tag="082"><subfield code="a">071</subfield><subfield code="2">23</subfield></datafield><datafield ind1="0" ind2=" " tag="130"><subfield code="a">Glasgow weekly times (Glasgow, Mo. : 1848 : Online)</subfield></datafield><datafield ind1=" " ind2="0" tag="222"><subfield code="a">Glasgow weekly times</subfield><subfield code="b">(Glasgow, Mo. 1848. Online)</subfield></datafield><datafield ind1="1" ind2="0" tag="245"><subfield code="a">Glasgow weekly times.</subfield></datafield><datafield ind1=" " ind2="1" tag="264"><subfield code="a">Glasgow, Mo. :</subfield><subfield code="b">Green &amp; Shirley,</subfield><subfield code="c">1848-1861.</subfield></datafield><datafield ind1=" " ind2=" " tag="310"><subfield code="a">Weekly</subfield></datafield><datafield ind1=" " ind2=" " tag="336"><subfield code="a">text</subfield><subfield code="b">txt</subfield><subfield code="2">rdacontent</subfield></datafield><datafield ind1=" " ind2=" " tag="337"><subfield code="a">computer</subfield><subfield code="b">c</subfield><subfield code="2">rdamedia</subfield></datafield><datafield ind1=" " ind2=" " tag="338"><subfield code="a">online resource</subfield><subfield code="b">cr</subfield><subfield code="2">rdacarrier</subfield></datafield><datafield ind1="1" ind2=" " tag="362"><subfield code="a">Began with v. 9, no. 31 (Oct. 5, 1848); ceased with vol. XXII, no. 26 (Aug. 22, 1861).</subfield></datafield><datafield ind1=" " ind2=" " tag="530"><subfield code="a">Also issued in print.</subfield></datafield><datafield ind1=" " ind2=" " tag="588"><subfield code="a">Description based on print version record.</subfield></datafield><datafield ind1=" " ind2=" " tag="588"><subfield code="a">Latest issue consulted: Vol. XXII, no. 26 (August 22, 1861) (Chroniclingamerica.loc.gov, viewed Feb. 20, 2013).</subfield></datafield><datafield ind1=" " ind2="0" tag="651"><subfield code="a">Glasgow (Mo.)</subfield><subfield code="v">Newspapers.</subfield></datafield><datafield ind1=" " ind2="0" tag="651"><subfield code="a">Howard County (Mo.)</subfield><subfield code="v">Newspapers.</subfield></datafield><datafield ind1=" " ind2="7" tag="655"><subfield code="a">Newspapers.</subfield><subfield code="2">fast</subfield><subfield code="0">(OCoLC)fst01423814</subfield></datafield><datafield ind1=" " ind2="7" tag="651"><subfield code="a">Missouri</subfield><subfield code="z">Glasgow.</subfield><subfield code="2">fast</subfield><subfield code="0">(OCoLC)fst01207369</subfield></datafield><datafield ind1=" " ind2="7" tag="651"><subfield code="a">Missouri</subfield><subfield code="z">Howard County.</subfield><subfield code="2">fast</subfield><subfield code="0">(OCoLC)fst01221565</subfield></datafield><datafield ind1=" " ind2=" " tag="752"><subfield code="a">United States</subfield><subfield code="b">Missouri</subfield><subfield code="c">Howard</subfield><subfield code="d">Glasgow.</subfield></datafield><datafield ind1="1" ind2=" " tag="776"><subfield code="t">Glasgow weekly times (Glasgow, Mo. 1848)</subfield><subfield code="x">2326-795X</subfield><subfield code="w">(DLC)sn 86063325</subfield><subfield code="w">(OCoLC)2254732</subfield></datafield><datafield ind1="0" ind2="0" tag="780"><subfield code="t">Boon's Lick times (Online)</subfield><subfield code="x">2326-7941</subfield><subfield code="w">(DLC)  2013218565</subfield><subfield code="w">(OCoLC)828106103</subfield></datafield><datafield ind1="0" ind2="0" tag="785"><subfield code="t">Howard union (Online)</subfield><subfield code="x">2326-8336</subfield><subfield code="w">(DLC)  2013218572</subfield><subfield code="w">(OCoLC)828196100</subfield></datafield><datafield ind1="4" ind2="1" tag="856"><subfield code="u">http://www.loc.gov/chroniclingamerica/lccn/sn86063325/issues</subfield></datafield></record>